<?xml version="1.0" encoding="UTF-8"?><collection xmlns="http://www.loc.gov/MARC21/slim"><record><leader>00427nam--2200169-i-4500</leader><controlfield tag="001">000045841</controlfield><controlfield tag="002">20161230</controlfield><controlfield tag="005">20161230201045</controlfield><controlfield tag="008">060222s1000------------r-----000-0-eng-d</controlfield><datafield ind1=" " ind2=" " tag="040"><subfield code="a">IFIN-HH</subfield></datafield><datafield ind1=" " ind2=" " tag="080"><subfield code="a">535.411</subfield></datafield><datafield ind1="1" ind2=" " tag="100"><subfield code="a">Candler, C</subfield></datafield><datafield ind1="1" ind2="0" tag="245"><subfield code="a">Modern Inteferometers</subfield><subfield code="c">C. Candler</subfield></datafield><datafield ind1=" " ind2=" " tag="260"><subfield code="a">Glasgow</subfield><subfield code="b">Hilger &amp; Watts Ltd. Hilger Division</subfield><subfield code="c">1951</subfield></datafield><datafield ind1=" " ind2=" " tag="300"><subfield code="a">502p</subfield></datafield><datafield ind1=" " ind2=" " tag="852"><subfield code="a">10095</subfield><subfield code="c">535</subfield></datafield><datafield ind1=" " ind2=" " tag="CAT"><subfield code="a">Sys</subfield><subfield code="c">20101018</subfield><subfield code="h">105903</subfield></datafield></record></collection>